<collection xmlns="http://www.loc.gov/MARC21/slim">
<record>
  <leader>01729nam a2200445 a 4500</leader>
  <controlfield tag="001">3216928</controlfield>
  <controlfield tag="007">he amb---bbcp</controlfield>
  <controlfield tag="007">he bmb---baap</controlfield>
  <controlfield tag="008">850125s1895    oncac   b     000 0 eng d</controlfield>
  <datafield tag="020" ind1=" " ind2=" ">
    <subfield code="a">0665289057</subfield>
  </datafield>
  <datafield tag="035" ind1=" " ind2=" ">
    <subfield code="a">ocm11946166</subfield>
  </datafield>
  <datafield tag="040" ind1=" " ind2=" ">
    <subfield code="a">CaOOCIHM</subfield>
    <subfield code="b">eng</subfield>
    <subfield code="d">AEU</subfield>
  </datafield>
  <datafield tag="043" ind1=" " ind2=" ">
    <subfield code="a">n-cn-on</subfield>
  </datafield>
  <datafield tag="082" ind1="0" ind2=" ">
    <subfield code="a">971.3/54</subfield>
    <subfield code="2">19</subfield>
  </datafield>
  <datafield tag="090" ind1=" " ind2=" ">
    <subfield code="a">FC 02 0203 no. 28905</subfield>
    <subfield code="b">AEU</subfield>
  </datafield>
  <datafield tag="100" ind1="1" ind2=" ">
    <subfield code="a">Scadding, Henry,</subfield>
    <subfield code="d">1813-1901.</subfield>
  </datafield>
  <datafield tag="245" ind1="1" ind2="4">
    <subfield code="a">The story of Castle Frank, Toronto</subfield>
    <subfield code="h">[microform] /</subfield>
    <subfield code="c">by Henry Scadding.</subfield>
  </datafield>
  <datafield tag="260" ind1=" " ind2=" ">
    <subfield code="a">Toronto :</subfield>
    <subfield code="b">Hunter, Rose,</subfield>
    <subfield code="c">1895.</subfield>
  </datafield>
  <datafield tag="300" ind1=" " ind2=" ">
    <subfield code="a">1 microfiche (9 fr.) :</subfield>
    <subfield code="b">ill., port.</subfield>
  </datafield>
  <datafield tag="490" ind1="1" ind2=" ">
    <subfield code="a">CIHM/ICMH Microfiche series = CIHM/ICMH collection de microfiches ;</subfield>
    <subfield code="v">no. 28905</subfield>
  </datafield>
  <datafield tag="500" ind1=" " ind2=" ">
    <subfield code="a">Cover title.</subfield>
  </datafield>
  <datafield tag="500" ind1=" " ind2=" ">
    <subfield code="a">&quot;(Read before the Pioneer Historical Society of the County of York, May 7th, 1895&quot;).</subfield>
  </datafield>
  <datafield tag="500" ind1=" " ind2=" ">
    <subfield code="a">From: The Canadian Magazine, June, 1895.</subfield>
  </datafield>
  <datafield tag="533" ind1=" " ind2=" ">
    <subfield code="a">Filmed from a copy of the original publication held by the Thomas Fisher Rare Book Library, University of Toronto Library.</subfield>
    <subfield code="b">Ottawa :</subfield>
    <subfield code="c">Canadian Institute for Historical Microreproductions,</subfield>
    <subfield code="d">1984.</subfield>
  </datafield>
  <datafield tag="534" ind1=" " ind2=" ">
    <subfield code="e">11 p. : ill., port. ; 23 cm.</subfield>
  </datafield>
  <datafield tag="596" ind1=" " ind2=" ">
    <subfield code="a">43</subfield>
  </datafield>
  <datafield tag="600" ind1="3" ind2="0">
    <subfield code="a">Simcoe family.</subfield>
  </datafield>
  <datafield tag="600" ind1="3" ind2="6">
    <subfield code="a">Simcoe (Famille).</subfield>
  </datafield>
  <datafield tag="610" ind1="2" ind2="0">
    <subfield code="a">Castle Frank (Toronto, Ont.).</subfield>
  </datafield>
  <datafield tag="610" ind1="2" ind2="6">
    <subfield code="a">Castle Frank (Toronto, Ontario).</subfield>
  </datafield>
  <datafield tag="651" ind1=" " ind2="0">
    <subfield code="a">Toronto (Ont.)</subfield>
    <subfield code="x">Castles.</subfield>
  </datafield>
  <datafield tag="651" ind1=" " ind2="0">
    <subfield code="a">Toronto (Ont.)</subfield>
    <subfield code="x">Description.</subfield>
  </datafield>
  <datafield tag="651" ind1=" " ind2="0">
    <subfield code="a">Toronto (Ont.)</subfield>
    <subfield code="x">History.</subfield>
  </datafield>
  <datafield tag="651" ind1=" " ind2="6">
    <subfield code="a">Toronto (Ont.)</subfield>
    <subfield code="x">Château</subfield>
  </datafield>
<!-- No separator at end of field length=31 -->
  <datafield tag="651" ind1="." ind2="">
    <subfield code="6"></subfield>
    <subfield code="a">Toronto, Ont.</subfield>
    <subfield code="x">Description</subfield>
  </datafield>
<!-- No separator at end of field length=33 -->
  <datafield tag="651" ind1="." ind2="">
    <subfield code="6"></subfield>
    <subfield code="a">Toronto (Ont.)</subfield>
    <subfield code="x">Histoir</subfield>
  </datafield>
<!-- No separator at end of field length=30 -->
  <datafield tag="830" ind1="." ind2="">
    <subfield code="0"></subfield>
    <subfield code="a">CIHM/ICMH microfiche series ;</subfield>
    <subfield code="v">no. 289</subfield>
  </datafield>
<!-- No separator at end of field length=45 -->
  <datafield tag="949" ind1="5" ind2="">
    <subfield code=" "></subfield>
    <subfield code="h">UAHS-MF</subfield>
    <subfield code="z">CIHMMP</subfield>
  </datafield>
<!-- No separator at end of field length=22 -->
  <datafield tag="016" ind1="E" ind2="">
    <subfield code=" "></subfield>
    <subfield code="a"> 8562549</subfield>
  </datafield>
<!-- No separator at end of field length=15 -->
  <datafield tag="926" ind1="3" ind2="">
    <subfield code=" "></subfield>
    <subfield code="a">UAHSS</subfield>
    <subfield code="b">MICROFICHE</subfield>
    <subfield code="c">FC 02 0203 no. 28905</subfield>
    <subfield code="d">MICROFORM</subfield>
    <subfield code=""></subfield>
  </datafield>
<!-- No separator at end of field length=58 -->
</record>
</collection>
